% This file was created with JabRef 2.10.
% Encoding: UTF8

% Книги
@book{Krasovitsky_Bolotin,
	address = {М.},
	author = {Красовицкий, Б. М. and Болотин, Б. М.},
	mendeley-groups = {Фотоника,Стирилхиназолиноны,Книги,Статьи в работе/Малые молекулы},
	publisher = {Химия},
	title = {{Органические люминофоры}},
	year = {1984}
}


% Обзоры
@article{Waldeck_D_H1991_Stilbenes,
	abstract = {null},
	author = {{Waldeck. D.H}},
	doi = {10.1021/cr00003a007},
	file = {:D$\backslash$:/{\~{}}gakim/Скачанные статьи/Mendeley/Chem. Rev/Waldeck. D.H - 1991 - Photoisomerization Dynamics of Stilbenes.pdf:pdf},
	issn = {0009-2665},
	journal = {Chem. Rev.},
	mendeley-groups = {Диссертация},
	number = {3},
	pages = {415--436},
	title = {{Photoisomerization Dynamics of Stilbenes.}},
	url = {http://pubs.acs.org/doi/pdf/10.1021/cr00003a007},
	volume = {91},
	year = {1991}
}

@article{Gromov_2006_Crowns_in_Stilbenes,
	author = {Громов, С П},
	file = {:D$\backslash$:/{\~{}}gakim/Скачанные статьи/Mendeley/Российские нанотехнологии/Громов - 2006 - Супрамолекулярная фотоника краунсодержащих красителей.pdf:pdf},
	journal = {Российские нанотехнологии},
	mendeley-groups = {Диссертация},
	number = {1-2},
	pages = {29--45},
	title = {{Супрамолекулярная фотоника краунсодержащих красителей}},
	volume = {1},
	year = {2006}
}



%Статьи
@article{Wood1941,
	author = {Wood, J. H. and Bacon, J. A. and Meibohm, A. W. and Throckmorton, W. H. and Turner, G. P.},
	doi = {10.1021/ja01850a054},
	issn = {15205126},
	journal = {Journal of the American Chemical Society},
	mendeley-groups = {Диссертация},
	number = {5},
	pages = {1334--1335},
	title = {{The Synthesis of Symmetrical Diaryl Ethylenes}},
	volume = {63},
	year = {1941}
}

@article{Lower1966,
	author = {Lower, S. K. and El-Sayed, M. A.},
	doi = {10.1021/cr60240a004},
	issn = {0009-2665},
	journal = {Chemical Reviews},
	mendeley-groups = {Фотоника,Статьи в работе/Малые молекулы},
	month = {apr},
	number = {2},
	pages = {199--241},
	publisher = {American Chemical Society},
	title = {{The Triplet State and Molecular Electronic Processes in Organic Molecules}},
	url = {http://dx.doi.org/10.1021/cr60240a004},
	volume = {66},
	year = {1966}
}



%% Это - примеры, сохранённые для исключения ошибок компиляции. Перед реальной сдачей работы убрать! %%

@Article{Article,
  Title                    = {The title of the work},
  Author                   = {Peter Adams},
  Journal                  = {The name of the journal},
  Year                     = {1993},

  Month                    = {7},
  Note                     = {An optional note},
  Number                   = {2},
  Pages                    = {201-213},
  Volume                   = {4},

  Language                 = {english}
}

@Book{Book,
  Title                    = {The title of the work},
  Author                   = {Peter Babington},
  Publisher                = {The name of the publisher},
  Year                     = {1993},

  Address                  = {The address},
  Edition                  = {3},
  Month                    = {7},
  Note                     = {An optional note},
  Series                   = {10},
  Volume                   = {4},

  ISBN                     = {3257227892},
  Language                 = {english}
}

@Booklet{Booklet,
  Title                    = {The title of the work},

  Address                  = {The address of the publisher},
  Author                   = {Peter Caxton},
  HowPublished             = {How it was published},
  Month                    = {7},
  Note                     = {An optional note},
  Year                     = {1993},

  Language                 = {english}
}

@Article{doi:10.1080/01932691.2010.513279,
  Title                    = {Deformation of Colloidal Crystals for Photonic Band Gap Tuning},
  Author                   = { {\relax Y}oung-{\relax S}ang Cho and {\relax Y}oung {\relax K}uk Kim and {\relax K}ook {\relax C}hae Chung and {\relax C}hul {\relax J}in Choi },
  Journal                  = {Journal of Dispersion Science and Technology},
  Year                     = {2011},
  Number                   = {10},
  Pages                    = {1408-1415},
  Volume                   = {32},

  Doi                      = {10.1080/01932691.2010.513279},
  Language                 = {english}
}

@Article{CEAT:CEAT581,
  Title                    = {A Modular Program System for the Calculation of Thermodynamic Properties of Fluids},
  Author                   = {Deiters, U. K.},
  Journal                  = {Chemical Engineering \& Technology},
  Year                     = {2000},
  Number                   = {7},
  Pages                    = {581--584},
  Volume                   = {23},

  Doi                      = {10.1002/1521-4125(200007)23:7<581::AID-CEAT581>3.0.CO;2-P},
  ISSN                     = {1521-4125},
  Language                 = {english},
  Publisher                = {WILEY-VCH Verlag}
}

@Conference{Conference,
  Title                    = {The title of the work},
  Author                   = {Peter Draper},
  Booktitle                = {The title of the book},
  Year                     = {1993},

  Address                  = {The address of the publisher},
  Editor                   = {The editor},
  Month                    = {7},
  Note                     = {An optional note},
  Organization             = {The organization},
  Pages                    = {213},
  Publisher                = {The publisher},
  Series                   = {5},
  Volume                   = {4},

  Language                 = {english}
}

@InBook{Inbook,
  Title                    = {The title of the work},
  Author                   = {Peter Eston},
  Chapter                  = {8},
  Pages                    = {201-213},
  Publisher                = {The name of the publisher},
  Year                     = {1993},

  Address                  = {The address of the publisher},
  Edition                  = {3},
  Month                    = {7},
  Note                     = {An optional note},
  Series                   = {5},
  Volume                   = {4},

  Booktitle                = {Book title},
  Language                 = {english}
}

@InCollection{Incollection,
  Title                    = {The title of the work},
  Author                   = {Peter Farindon},
  Booktitle                = {The title of the book},
  Publisher                = {The name of the publisher},
  Year                     = {1993},

  Address                  = {The address of the publisher},
  Chapter                  = {8},
  Edition                  = {3},
  Editor                   = {The editor},
  Month                    = {7},
  Note                     = {An optional note},
  Pages                    = {201-213},
  Series                   = {5},
  Volume                   = {4},

  Language                 = {english}
}

@Manual{Manual,
  Title                    = {The title of the work},

  Address                  = {The address of the publisher},
  Author                   = {Peter Gainsford},
  Edition                  = {3},
  Month                    = {7},
  Note                     = {An optional note},
  Organization             = {The organization},
  Year                     = {1993},

  Language                 = {english}
}

@Article{Gosele1999161,
  Title                    = {Wafer bonding for microsystems technologies },
  Author                   = {Gösele, U. and Tong, Q.-Y. and Schumacher, A. and Kräuter, G. and Reiche, M. and Plößl, A. and Kopperschmidt, P. and Lee, T.-H. and Kim, W.-J.},
  Journal                  = {Sensors and Actuators A: Physical },
  Year                     = {1999},
  Number                   = {1–3},
  Pages                    = {161 - 168},
  Volume                   = {74},

  Doi                      = {10.1016/S0924-4247(98)00310-0},
  ISSN                     = {0924-4247},
  Keywords                 = {Wafer bonding},
  Language                 = {russian}
}

@MastersThesis{Mastersthesis,
  Title                    = {The title of the work},
  Author                   = {Peter Harwood},
  School                   = {The school where the thesis was written},
  Year                     = {1993},

  Address                  = {The address of the publisher},
  Month                    = {7},
  Note                     = {An optional note},

  Language                 = {english}
}

@Misc{Misc,
  Title                    = {The title of the work},

  Author                   = {Peter Isley},
  HowPublished             = {How it was published},
  Month                    = {7},
  Note                     = {An optional note},
  Year                     = {1993},

  Language                 = {english}
}

@PhdThesis{Phdthesis,
  Title                    = {The title of the work},
  Author                   = {Peter Joslin},
  School                   = {The school where the thesis was written},
  Year                     = {1993},

  Address                  = {The address of the publisher},
  Month                    = {7},
  Note                     = {An optional note},

  Language                 = {english}
}

@InProceedings{test:eisner-sample,
  Title                    = {Iterative denoising using {J}ensen-{R}enyi
 divergences with an application to unsupervised
 document categorization},
  Author                   = {Damianos Karakos and Sanjeev Khudanpur and Jason
 Eisner and Carey~E. Priebe},
  Booktitle                = {Proceedings of ICASSP},
  Year                     = {2007},

  Url                      = {http://cs.jhu.edu/~jason/papers/\#icassp07}
}

@TechReport{Techreport,
  Title                    = {The title of the work},
  Author                   = {Peter Lambert},
  Institution              = {The institution that published},
  Year                     = {1993},

  Address                  = {The address of the publisher},
  Month                    = {7},
  Note                     = {An optional note},
  Number                   = {2},

  Language                 = {english}
}

@InCollection{Li2007StressAnalysis,
  Title                    = {Stress Analysis for Processed Silicon Wafers and Packaged Micro-devices},
  Author                   = {Li, {\relax L}i and Guo, {\relax Y}ifan and Zheng, {\relax D}awei},
  Booktitle                = {Micro- and Opto-Electronic Materials and Structures: Physics, Mechanics, Design, Reliability, Packaging},
  Publisher                = {Springer US},
  Year                     = {2007},
  Editor                   = {Suhir, E. and Lee, Y. C. and Wong, C. P.},
  Pages                    = {B677-B709},

  Doi                      = {10.1007/0-387-32989-7_45},
  ISBN                     = {978-0-387-27974-9},
  Language                 = {english}
}

@Unpublished{Unpublished,
  Title                    = {The title of the work},
  Author                   = {Peter Marcheford},
  Note                     = {An optional note},

  Month                    = {7},
  Year                     = {1993},

  Language                 = {english}
}

@Book{AB_patent_Pomerantz_1968,
  Title                    = {Anodic bonding : patent no. 3397278 US},
  Author                   = {Pomerantz, D. I.},
  Year                     = {1968},

  Language                 = {english}
}

@Article{Shoji199895,
  Title                    = {Low-temperature anodic bonding using lithium aluminosilicate-$\beta$-quartz glass ceramic},
  Author                   = {{\relax S}huichi Shoji and {\relax H}iroto Kikuchi and {\relax H}irotaka Torigoe},
  Journal                  = {Sensors and Actuators A: Physical},
  Year                     = {1998},
  Note                     = {Tenth {IEEE} International Workshop on Micro Electro Mechanical Systems },
  Number                   = {1},
  Pages                    = {95 - 100},
  Volume                   = {64},

  Doi                      = {10.1016/S0924-4247(97)01659-2},
  ISSN                     = {0924-4247},
  Keywords                 = {Anodic bonding}
}

@Article{Berestova,
  Title                    = {Поисковые инструмены библиотеки},
  Author                   = {Берестова, Т. Ф.},
  Journal                  = {Библиография},
  Year                     = {2006},
  Number                   = {4},
  Pages                    = {19},

  Language                 = {russian}
}

@Book{Borozda,
  Title                    = {Лечение сочетанных повреждений таза},
  Author                   = {Борозда, И. В. and Воронин, Н. И. and Бушманов, А. В.},
  Publisher                = {Дальнаука},
  Year                     = {2009},

  Address                  = {Владивосток},

  Language                 = {russian},
  Numpages                 = {195}
}

@Book{Gaidaenko,
  Title                    = {Маркетинговое управление: принципы управленческих решений и российская практика},
  Author                   = {Гайдаенко, Т. А.},
  Publisher                = {Эксмо: МИРБИС},
  Year                     = {2008},

  Address                  = {М.},
  Edition                  = {3-е изд, перераб. и доп.},

  Language                 = {russian},
  Numpages                 = {508}
}

@Book{Methodology,
  Title                    = {Методология и методы изучения военно-профессиональной направленности подростков : отчёт о НИР},
  Author                   = {Загорюев, А. Л.},
  Year                     = {2008},

  Address                  = {Екатеринбург},

  Institution              = {Уральский институт практической психологии},
  Language                 = {russian},
  Numpages                 = {102}
}

@Book{iofis_patent1960,
  Title                    = {Способ пайки керамики с~керамикой и~стекла с~металлом : а.\,с.~126728 СССР},
  Author                   = {Иофис, Н. А.},
  Year                     = {1960},

  Language                 = {russian},
  Numpages                 = {Бюл. № 5.~1}
}

@Article{Kriger,
  Title                    = {Бумага терпит},
  Author                   = {Кригер, И.},
  Journal                  = {Новая газета},
  Year                     = {2009},
  Note                     = {1 июля},

  Language                 = {russian}
}

@Book{Lagkueva,
  Title                    = {Особенности регулирования труда творческих работников театров : дис. ... канд. юрид. наук : 12.00.05},
  Author                   = {Лагкуева, Ирина Владимировна},
  Year                     = {2009},

  Address                  = {М.},

  Language                 = {russian},
  Numpages                 = {168}
}

@Book{Lermontov,
  Title                    = {Собрание сочинений: в 4 т.},
  Author                   = {Лермонтов, Михаил Юрьевич},
  Publisher                = {Терра-Кн. клуб},
  Year                     = {2009},

  Address                  = {М.},
  Note                     = {4 т.},

  Language                 = {russian}
}

@Book{Lukina,
  Title                    = {Творческая история «Записок охотника» И. С. Тургенева : автореф. дис. ... канд. филол. наук : 10.01.01},
  Author                   = {Лукина, Валентина Александровна},
  Year                     = {2006},

  Address                  = {СПб.},

  Language                 = {russian},
  Numpages                 = {26}
}

@Other{medvedev2006jelektronnye,
  Title                    = {Электронные компоненты и монтажные подложки},
  Author                   = {Медведев, А. М.},
  Journal                  = {Компоненты и технологии},
  Language                 = {russian},
  Medium                   = {Электронный ресурс},
  Number                   = {12},
  Pages                    = {124--134},
  Url                      = {http://www.kit-e.ru/articles/elcomp/2006\_12\_124.php},
  Urldate                  = {19.01.2015},
  Year                     = {2006}
}

@Book{Marketing,
  Title                    = {Маркетинговые исследования в строительстве : учебное пособие для студентов специальности «Менеджмент организаций»},
  Author                   = {Михненков, О. В. and Коготкова, И. З. and Генкин, Е. В. and Сороко, Г. Я.},
  Publisher                = {Государственный университет управления},
  Year                     = {2005},

  Address                  = {М.},

  Language                 = {russian},
  Numpages                 = {59}
}

@Article{Nasirova,
  Title                    = {Модели государственного регулирования страховой деятельности [Электронный ресурс]},
  Author                   = {Насырова, Г. А.},
  Journal                  = {Вестник Финансовой академии},
  Year                     = {2003},
  Note                     = {Режим доступа: http://vestnik.fa.ru/4(28)2003/4.html},
  Number                   = {4},

  Language                 = {russian}
}

@Book{Pokrovski,
  Title                    = {Устранимые особенности решений эллиптических уравнений : дис. ... д-ра физ.-мат. наук : 01.01.01},
  Author                   = {Покровский, Андрей Владимирович},
  Year                     = {2008},

  Address                  = {М.},

  Language                 = {russian},
  Numpages                 = {178}
}

@Book{Razumovski,
  Title                    = {Управление маркетинговыми исследованиями в регионе},
  Author                   = {Разумовский, В. А. and Андреев, Д. А.},
  Year                     = {2002},

  Address                  = {М.},
  Note                     = {Деп. в ИНИОН Рос. акад. наук 15.02.02, № 139876},

  Language                 = {russian},
  Numpages                 = {210}
}

@Book{Sirotko,
  Title                    = {Медико-социальные аспекты городского травматизма в современных условиях : автореф. дис. ... канд. мед. наук : 14.00.33},
  Author                   = {Сиротко, Владимир Викторович},
  Year                     = {2006},

  Address                  = {М.},

  Language                 = {russian},
  Numpages                 = {26}
}

@Book{Sokolov,
  Title                    = {Гражданское общество: проблемы формирования и развития (философский и юридический аспекты) : монография},
  Author                   = {Соколов, А. Н. and Сердобинцев, К. С.},
  Editor                   = {Бочарова, В. М.},
  Publisher                = {Калиниградский ЮИ МВД России},
  Year                     = {2009},

  Address                  = {Астрахань},

  Language                 = {russian},
  Numpages                 = {218}
}

@Book{Sychev,
  Title                    = {История Астраханского казачьего войска : учебное пособие},
  Author                   = {Сычёв, М. С.},
  Publisher                = {Волга},
  Year                     = {2009},

  Address                  = {Астрахань},

  Language                 = {russian},
  Numpages                 = {231}
}

@Proceedings{Proceedings,
  Title                    = {The title of the work},
  Year                     = {1993},

  Address                  = {The address of the publisher},
  Editor                   = {Peter Kidwelly},
  Month                    = {7},
  Note                     = {An optional note},
  Organization             = {The organization},
  Publisher                = {The name of the publisher},
  Series                   = {5},
  Volume                   = {4},

  Language                 = {english}
}

@Book{Management,
  Title                    = {Управление бизнесом : сборник статей},
  Publisher                = {Изд-во Нижегородского университета},
  Year                     = {2009},

  Address                  = {Нижний новгород},

  Language                 = {russian},
  Numpages                 = {243}
}

@Book{Gost.7.0.53,
  Title                    = {ГОСТ Р 7.0.53-2007 Система стандартов по информации, библиотечному и издательскому делу. Издания. Международный стандартный книжный номер. Использование и издательское оформление.},
  Publisher                = {Стандартинформ},
  Year                     = {2007},

  Address                  = {М.},

  Language                 = {russian},
  Numpages                 = {5}
}

@Book{Constitution,
  Title                    = {Конституция Российской Федерации : офиц. текст.},
  Publisher                = {Маркетинг},
  Year                     = {2001},

  Address                  = {М.},

  Language                 = {russian},
  Numpages                 = {39}
}

@Book{FamilyCode,
  Title                    = {Семейный кодекс Российской Федерации : [федер. закон: принят Гос. Думой 8 дек. 1995~г. : по состоянию на 3~янв. 2001~г.]},
  Publisher                = {Стаун-кантри},
  Year                     = {2001},

  Address                  = {СПб.},

  Language                 = {russian},
  Numpages                 = {94}
}

@Book{Encyclopedia,
  Title                    = {Художественная энциклопедия зарубежного классического искусства [Электронный ресурс]},
  Publisher                = {Большая Рос. энкцикл.},
  Year                     = {1996},

  Address                  = {М.},
  Note                     = {1 электрон. опт. диск (CD-ROM)},

  Language                 = {russian}
}

